@article{ jma12clas
, author  = {Juan Romero and Penousal Machado
             and Adri{\'a}n Carballal and Antonino Santos}
, title   = {Using complexity estimates in aesthetic image classification}
, journal = {Journal of Mathematics and the Arts}
, volume  = {6}
, number  = {2-3}
, pages   = {125-136}
, year    = {2012}
, doi     = {10.1080/17513472.2012.679514}
, url     = {http://www.tandfonline.com/doi/abs/10.1080/17513472.2012.679514}
, eprint  = {http://www.tandfonline.com/doi/pdf/10.1080/17513472.2012.679514}
}

@article{ gm13asm
, author  = {Fernando Gra\c{c}a and Penousal Machado}
, title   = {Evolving Assemblages}
, journal = {International Journal of Arts and Technology}
, year    = {2013}
}

@incollection{ rmc12ajs
, author    = {Juan Romero and Penousal Machado
               and Adrian Carballal and Jo{\~a}o Correia}
, title     = {Computing Aesthetics with Image Judgement Systems}
, booktitle = {Computers and Creativity}
, editor    = {Jon McCormack and Mark d'Inverno}
, publisher = {Springer Berlin Heidelberg}
, isbn      = {978-3-642-31726-2}
, year      = {2012}
, doi       = {10.1007/978-3-642-31727-9_11}
, url       = {http://dx.doi.org/10.1007/978-3-642-31727-9_11}
, pages     = {295-322}
, language  = {English}
}

@inproceedings{ cmrc13fs
, author    = {Jo{\~a}o Correia and Penousal Machado
               and Juan Romero and Adri{\'a}n Carballal}
, title     = {Feature Selection and Novelty in Computational Aesthetics}
, booktitle = {Evolutionary and Biologically Inspired
               Music, Sound, Art and Design - Second International Conference}
, year      = {2013}
, month     = {April}
, location  = {Vienna, Austria}
, pages     = {133-144}
, ee        = {http://dx.doi.org/10.1007/978-3-642-36955-1_12}
, editor    = {Penousal Machado and James McDermott and Adri{\'a}n Carballal}
, publisher = {Springer}
, series    = {Lecture Notes in Computer Science}
, volume    = {7834}
, isbn      = {978-3-642-36954-4}
}

@inproceedings{ zirnhelt07art
, author    = {Stephane Zirnhelt and Toby P. Breckon}
, title     = {Artwork Image Retrieval
               using Weighted Colour and Texture Similarity}
, booktitle = {Proc. 4th European Conference on Visual Media Production}
, pages     = {II-8}
, year      = {2007}
, month     = {November}
, publisher = {IET}
, address   = {London}
, keywords  = {art, colour features, texture features, GLCM}
, url      = {http://breckon.eu/toby/publications/papers/zirnhelt07artwork.pdf}
}

@inproceedings{ mach10clas
, author    = {Jana Machajdik and Allan Hanbury}
, title     = {Affective Image Classification Using Features
               Inspired by Psychology and Art Theory}
, booktitle = {Proceedings of the International Conference on Multimedia}
, series    = {MM '10}
, year      = {2010}
, isbn      = {978-1-60558-933-6}
, location  = {Firenze, Italy}
, pages     = {83-92}
, numpages  = {10}
, url       = {http://doi.acm.org/10.1145/1873951.1873965}
, doi       = {10.1145/1873951.1873965}
, acmid     = {1873965}
, publisher = {ACM}
, address   = {New York, NY, USA}
, keywords  = {art theory, emotional semantic image retrieval,
               image affect, image classification, image features, psychology}
}

@inproceedings{ mach10ua
, title     = {Understanding Affect in Images}
, author    = {Jana Machajdik and Allan Hanbury and Julian St{\"o}ttinger}
, booktitle = {ACM Multimedia 2010 -- Grand Challenge}
, year      = {2010}
}

@article{ cfsp12air
, author  = {Concepci{\'o}n P{\'e}rez de Celis
             and Thania Felix and Maria Somodevilla and Ivo Pineda}
, title   = {An Art Images Retrieval System Based On Similarity Descriptor}
, journal = {International Journal of Engineering Research and Applications}
, volume  = {2}
, number  = {5}
, pages   = {572-577}
, year    = {2012}
, month   = {September-October}
}

@inproceedings{ ymvz03tree
, author    = {Kai Yu and Wei-Ying Ma and Volker Tresp and Zhao Xu
               and Xiaofei He and HongJiang Zhang and Hans-Peter Kriegel}
, title     = {Knowing a Tree from the Forest:
               Art Image Retrieval Using a Society of Profiles}
, booktitle = {Proceedings of the Eleventh ACM
               International Conference on Multimedia}
, series    = {MM '03}
, year      = {2003}
, isbn      = {1-58113-722-2}
, location  = {Berkeley, CA, USA}
, pages     = {622-631}
, numpages  = {10}
, url       = {http://doi.acm.org/10.1145/957013.957145}
, doi       = {10.1145/957013.957145}
, acmid     = {957145}
, publisher = {ACM}
, address   = {New York, NY, USA}
, keywords  = {art image retrieval, collaborative ensemble learning}
}

@incollection{ isv12mpeg
, author    = {Krassimira Ivanova and Peter Stanchev
               and Evgeniya Velikova and Koen Vanhoof and Benoit Depaire
               and Rajkumar Kannan and Iliya Mitov and Krassimir Markov}
, title     = {Features for Art Painting Classification
               Based on Vector Quantization of MPEG-7 Descriptors}
, year      = {2012}
, isbn      = {978-3-642-27871-6}
, booktitle = {Data Engineering and Management}
, volume    = {6411}
, series    = {Lecture Notes in Computer Science}
, editor    = {Rajkumar Kannan and Frederic Andres}
, doi       = {10.1007/978-3-642-27872-3_22}
, url       = {http://dx.doi.org/10.1007/978-3-642-27872-3_22}
, publisher = {Springer Berlin Heidelberg}
, pages     = {146-153}
, keywords  = {Content-Based Image Retrieval (CBIR);
               Multimedia Semantics; MPEG 7 Descriptors;
               Clustering; Vector Quantization; Categorization}
}

@inproceedings{ mrfc13clip
, author    = {Pedro Martins and Rui M. Jesus
               and Manuel J. Fonseca and Nuno Correia}
, title     = {Clip art retrieval combining raster and vector methods}
, booktitle = {CBMI}
, doi       = {http://dx.doi.org/10.1109/CBMI.2013.6576549}
, isbn      = {978-1-4799-0955-1}
, pages     = {35-40}
, publisher = {IEEE}
, year      = {2013}
, url      = {http://dblp.uni-trier.de/db/conf/cbmi/cbmi2013.html#MartinsJFC13}
}

@techreport{ hcl03svm
, author      = {Chih-Wei Hsu and Chih-Chung Chang and Chih-Jen Lin}
, institution = {Department of Computer Science, National Taiwan University}
, keywords    = {guide libsvm svm tutorial}
, title       = {A Practical Guide to Support Vector Classification}
, url         = {http://www.csie.ntu.edu.tw/~cjlin/papers.html}
, year        = {2003}
}

@article{ mft10visto
, author  = {Tania Di Mascio and Daniele Frigioni and Laura Tarantino}
, title   = {VISTO: A new CBIR system for vector images}
, journal = {Inf. Syst.}
, number  = {7}
, pages   = {709-734}
, volume  = {35}
, year    = {2010}
, doi     = {http://dx.doi.org/10.1016/j.is.2009.10.003}
, url     = {http://dblp.uni-trier.de/db/journals/is/is35.html#MascioFT10}
}

@article{ dimaggio87art
, author   = {Paul DiMaggio}
, title    = {classification in art}
, doi      = {10.2307/2095290}
, issn     = {0003-1224}
, journal  = {American Sociological Review}
, keywords = {art classification}
, number   = {4}
, pages    = {440-455}
, volume   = {52}
, year     = {1987}
}

@article{ cpm09geo
, author    = {Ond{\v r}ej Chum and Michal Perd{\`o}ch and Ji{\v r}{\'i} Matas}
, title     = {Geometric min-Hashing: Finding a (thick) needle in a haystack}
, journal   = {2013 IEEE Conference on Computer Vision and Pattern Recognition}
, volume    = {0}
, isbn      = {978-1-4244-3992-8}
, year      = {2009}
, pages     = {17-24}
, doi       = {http://doi.ieeecomputersociety.org/10.1109/CVPRW.2009.5206531}
, publisher = {IEEE Computer Society}
, address   = {Los Alamitos, CA, USA}
}

@inproceedings{ cpa08dup
, author    = {Ond{\v r}ej Chum and James Philbin and Andrew Zisserman}
, title     = {Near Duplicate Image Detection: min-Hash and tf-idf Weighting}
, booktitle = {British Machine Vision Conference}
, year      = {2008}
, editor    = {Mark Everingham and Chirs J. Needham and Roberto Fraile}
, doi       = {http://www.bmva.org/bmvc/2008/papers/119.pdf}
, url       = {http://dblp.uni-trier.de/db/conf/bmvc/bmvc2008.html#ChumPZ08}
}

@inproceedings{ zwcl10hash
, author    = {Dell Zhang and Jun Wang and Deng Cai and Jinsong Lu}
, title     = {Self-taught Hashing for Fast Similarity Search}
, booktitle = {Research and Development in Information Retrieval}
, series    = {SIGIR '10}
, year      = {2010}
, isbn      = {978-1-4503-0153-4}
, location  = {Geneva, Switzerland}
, pages     = {18-25}
, numpages  = {8}
, url       = {http://doi.acm.org/10.1145/1835449.1835455}
, doi       = {10.1145/1835449.1835455}
, acmid     = {1835455}
, publisher = {ACM}
, address   = {New York, NY, USA}
, keywords  = {laplacian eigenmap, semantic hashing,
               similarity search, support vector machine}
}

@booklet{ selinger03ptr
, author = {Peter Selinger}
, title  = {Potrace: a polygon-based tracing algorithm}
, year   = {2003}
}

@misc{ selinger03api
, author = {Peter Selinger}
, title  = {Potrace Library API}
, year   = {2003}
}

@booklet{ hillman01cat
, author   = {Chris Hillman}
, title    = {A Categorical Primer}
, year     = {2001}
, keywords = {tutorial, category theory}
}

@manual{ lccon
, title        = {Classification Outline, Class N - Fine Arts}
, organization = {Library of Congress}
}

@inproceedings{ bm06owl
, author    = {Luciana Bordoni and Tiziana Mazzoli}
, title     = {Towards an Ontology for Art and Colours}
, booktitle = {International Conference on Language Resources and Evaluation}
, volume    = {5}
, pages     = {1472-1475}
, year      = {2006}
, url      = {http://www.lrec-conf.org/proceedings/lrec2006/summaries/151.html}
}

@article{ bkkm13jap
, author  = {Biligsaikhan Batjargal and Takeo Kuyama
             and Fuminori Kimura and Akira Maeda}
, title   = {Linked Data Driven Dynamic Web Services for Providing
             Multilingual Access to Diverse Japanese Humanities Databases}
, volume  = {28}
, number  = {4}
, pages   = {522-530}
, year    = {2013}
, doi     = {10.1093/llc/fqt058}
, url     = {http://llc.oxfordjournals.org/content/28/4/522.abstract}
, eprint  = {http://llc.oxfordjournals.org/content/28/4/522.full.pdf+html}
, journal = {Literary and Linguistic Computing}
}

@book{ szel11book
, author    = {Richard Szeliski}
, isbn      = {9781848829343 1848829345 9781848829350 1848829353}
, keywords  = {computer vision}
, publisher = {Springer}
, title     = {Computer Vision: Algorithms and Applications}
, doi       = {http://dx.doi.org/10.1007/978-1-84882-935-0}
, year      = {2011}
}

@book{ solem12book
, author    = {Jan Erik Solem}
, isbn      = {9781449316549 1449316549}
, publisher = {O'Reilly}
, title     = {Programming Computer Vision with Python}
, year      = {2012}
}

@book{ oliphant06numpy
, author    = {Travis Oliphant}
, publisher = {Trelgol Publishing}
, title     = {Guide to {NumPy}}
, url       = {http://www.tramy.us/numpybook.pdf}
, year      = {2006}
}

